@article{2017SchoolSheet,
    title = {{School of Computer Science â€“ Coursework Issue Sheet}},
    year = {2017},
    url = {http://moodle.nottingham.ac.uk/pluginfile.php/4311657/mod_resource/content/0/G53SEC%20Coursework%201718.pdf}
}

@article{Torp-Pedersen2017,
author = {Torp-Pedersen, Tobias and Boyd, Heather A and Skotte, Line and Haargaard, Birgitte and Wohlfahrt, Jan and Holmes, Jonathan M and Melbye, Mads},
doi = {10.1001/jamaophthalmol.2017.3158},
issn = {2168-6173},
journal = {JAMA ophthalmology},
month = {oct},
number = {10},
pages = {1047--1053},
pmid = {28859196},
title = {{Strabismus Incidence in a Danish Population-Based Cohort of Children.}},
volume = {135},
year = {2017}
}


@article{Hussain2018,
author = {Hussain, Zahra and Astle, Andrew T. and Webb, Ben S. and McGraw, Paul V.},
doi = {10.1167/18.1.9},
issn = {1534-7362},
journal = {Journal of Vision},
month = {jan},
number = {1},
pages = {9},
title = {{Position matching between the visual fields in strabismus}},
volume = {18},
year = {2018}
}

@article{Williams2008a,
author = {Williams, C and Northstone, K and Howard, M and Harvey, I and Harrad, R A and Sparrow, J M},
doi = {10.1136/bjo.2007.134700},
issn = {1468-2079},
journal = {The British journal of ophthalmology},
month = {jul},
number = {7},
pages = {959--64},
pmid = {18480306},
title = {{Prevalence and risk factors for common vision problems in children: data from the ALSPAC study.}},
volume = {92},
year = {2008}
}

@article{Chen2018,
author = {Chen, Zenghai and Fu, Hong and Lo, Wai-Lun and Chi, Zheru},
doi = {10.1155/2018/7692198},
issn = {2040-2295},
journal = {Journal of Healthcare Engineering},
mendeley-groups = {MSc computer},
pages = {1--9},
title = {{Strabismus Recognition Using Eye-Tracking Data and Convolutional Neural Networks}},
volume = {2018},
year = {2018}
}

@article{sightmd,
author = {},
title = {{}},
url = {https://www.sightmd.com/types-eye-conditions-long-island/pediatric-ophthalmology/strabismus/},
}

@article{Bakker2013,
author = {Bakker, Nicole M. and Lenseigne, Boris A. J. and Schutte, Sander and Geukers, Elsbeth B. M. and Jonker, Pieter P. and van der Helm, Frans C. T. and Simonsz, Huibert J.},
doi = {10.1109/TBME.2013.2246161},
issn = {0018-9294},
journal = {IEEE Transactions on Biomedical Engineering},
mendeley-groups = {MSc computer},
month = {nov},
number = {11},
pages = {3028--3035},
title = {{Accurate Gaze Direction Measurements With Free Head Movement for Strabismus Angle Estimation}},
volume = {60},
year = {2013}
}
