%https://www.msdmanuals.com/home/eye-disorders/biology-of-the-eyes/structure-and-function-of-the-eyes %nice visual field has both binocular and monocular zones 
%https://courses.lumenlearning.com/suny-ap1/chapter/central-processing/ %nice visual field has both binocular and monocular zones 
%http://www.weizmann.ac.il/neurobiology/labs/ulanovsky/sites/neurobiology.labs.ulanovsky/files/uploads/kandel_ch27_ch28_visioncentralmotiondepthform.pdf %nice visual field has both binocular and monocular zones : Principles of Neural Science 4th Ed
%https://doctorlib.info/physiology/review/12.html %nice visual cortex picutre
%https://www.ncbi.nlm.nih.gov/books/NBK10944/ %visual cortex